% This file was created with JabRef 2.10.
% Encoding: UTF-8
@book{von2023accao,
  title={A ação humana},
  author={Von Mises, Ludwig},
  year={2023},
  publisher={LVM Editora}
}

@book{von1922capital,
  title={Capital and interest: A critical history of economical theory},
  author={von Böhm-Bawerk, Eugen},
  year={1922},
  publisher={Brentano}
}

@book{menger2017liberalismo,
  title={LIBERALISMO-Carl Menger: Princípios de Economia Polí tica},
  author={Menger, Carl},
  year={2017},
  publisher={LeBooks Editora}
}


@book{hayek2017desestatizaccao,
  title={Desestatiza{\c{c}}{\~a}o do dinheiro},
  author={Hayek, Friedrich A},
  year={2017},
  publisher={LVM Editora}
}

@book{von2013theory,
  title={The theory of money and credit},
  author={Von Mises, Ludwig},
  year={1914},
  publisher={Oxford University Press}
}

@book{rothbard2022governo,
  title={O que o Governo Fez com o Nosso Dinheiro?},
  author={Rothbard, Murray N},
  year={2022},
  publisher={LVM Editora}
}

@Article{Ulrich2014,
  author  = {Ulrich, Fernando},
  journal = {Mises Brasil},
  title   = {Bitcoin-a moeda na era digital},
  year    = {2014},
  pages   = {239},
  volume  = {2},
  url     = {https://hmd.adm.br/ebooks/diversos/Bitcoin - A Moeda Digital.pdf},
}

@Article{Nakamoto2009,
  author    = {Nakamoto, Satoshi},
  title     = {Bitcoin: A Peer-to-Peer Electronic Cash System},
  year      = {2009},
  month     = may,
  abstract  = {A purely peer-to-peer version of electronic cash would allow online payments to be sent directly from one party to another without going through a financial institution. Digital signatures provide part of the solution, but the main benefits are lost if a trusted third party is still required to prevent double-spending. We propose a solution to the double-spending problem using a peer-to-peer network. The network timestamps transactions by hashing them into an ongoing chain of hash-based proof-of-work, forming a record that cannot be changed without redoing the proof-of-work. The longest chain not only serves as proof of the sequence of events witnessed, but proof that it came from the largest pool of CPU power. As long as a majority of CPU power is controlled by nodes that are not cooperating to attack the network, they'll generate the longest chain and outpace attackers. The network itself requires minimal structure. Messages are broadcast on a best effort basis, and nodes can leave and rejoin the network at will, accepting the longest proof-of-work chain as proof of what happened while they were gone.},
  added-at  = {2022-06-15T13:43:05.000+0200},
  biburl    = {https://www.bibsonomy.org/bibtex/2974d35fdb27dea57296ed2245556aa18/daniel_grm9},
  interhash = {423c2cdff70ba0cd0bca55ebb164d770},
  intrahash = {974d35fdb27dea57296ed2245556aa18},
  keywords  = {itsecseminar},
  timestamp = {2022-06-15T13:43:05.000+0200},
  url       = {http://www.bitcoin.org/bitcoin.pdf},
}


% ________
@article{auer2018regulating,
  title={Regulating cryptocurrencies: Assessing market reactions},
  author={Auer, Raphael and Claessens, Stijn},
  journal={BIS Quarterly Review},
  year={2018}
}

@article{bouri2017hedge,
  title={On the hedge and safe haven properties of Bitcoin: Is it really more than a diversifier?},
  author={Bouri, Elie and Molnár, Péter and Azzi, Ghassan and Roubaud, David and Hagfors, Lars Ivar},
  journal={Finance Research Letters},
  volume={20},
  pages={192--198},
  year={2017},
  publisher={Elsevier}
}

@misc{buterin2013ethereum,
  title={Ethereum: A Next-Generation Smart Contract and Decentralized Application Platform},
  author={Buterin, Vitalik},
  year={2013},
  note={\url{https://github.com/ethereum/wiki/wiki/White-Paper}}
}

@misc{european2020proposal,
  title={Proposal for a Regulation on Markets in Crypto-assets},
  author={European Commission},
  year={2020},
  note={\url{https://ec.europa.eu/info/law/better-regulation/have-your-say/initiatives/12447-Framework-for-markets-in-crypto-assets}}
}

@misc{fatf2019guidance,
  title={Guidance for a Risk-Based Approach to Virtual Assets and Virtual Asset Service Providers},
  author={Financial Action Task Force FATF},
  year={2019},
  note={\url{https://www.fatf-gafi.org/publications/fatfrecommendations/documents/guidance-rba-virtual-assets.html}}
}

@article{kondor2014do,
  title={Do the rich get richer? An empirical analysis of the Bitcoin transaction network},
  author={Kondor, Dániel and Pósfai, Márton and Vattay, Gábor},
  journal={PLOS ONE},
  volume={9},
  number={2},
  pages={e86197},
  year={2014},
  publisher={Public Library of Science}
}

@misc{kwon2016cosmos,
  title={Cosmos: A Network of Distributed Ledgers},
  author={Kwon, Jae},
  year={2016},
  note={\url{https://cosmos.network/resources/whitepaper}}
}

@misc{nakamoto2008bitcoin,
  title={Bitcoin: A Peer-to-Peer Electronic Cash System},
  author={Nakamoto, Satoshi},
  year={2008},
  note={\url{https://bitcoin.org/bitcoin.pdf}}
}

@misc{wood2016polkadot,
  title={Polkadot: Vision for a Heterogeneous Multi-chain Framework},
  author={Wood, Gavin},
  year={2016},
  note={\url{https://polkadot.network/PolkaDotPaper.pdf}}
}

@article{wang2021non,
  title={Non-fungible token (NFT): Overview, evaluation, opportunities and challenges},
  author={Wang, Qian and Li, Rui and Wang, Qian and Zeng, Jian},
  journal={arXiv preprint arXiv:2105.07447},
  year={2021}
}

@article{zhang2019secure,
  title={A secure system for pervasive social network-based healthcare},
  author={Zhang, Peng and Xue, Xiaoqing and Huang, Xiapu},
  journal={IEEE Access},
  volume={7},
  pages={116075--116088},
  year={2019},
  publisher={IEEE}
}

@article{zhang2020data,
  title={Data privacy for blockchain and AI convergence: Challenges and opportunities},
  author={Zhang, Rui and Wang, Yuchen and Tang, Jian},
  journal={IEEE Access},
  volume={8},
  pages={21091--21101},
  year={2020},
  publisher={IEEE}
}

@article{zohar2015bitcoin,
  title={Bitcoin: under the hood},
  author={Zohar, Aviv},
  journal={Communications of the ACM},
  volume={58},
  number={9},
  pages={104--113},
  year={2015},
  publisher={ACM New York, NY, USA}
}

@book{menger1871principles,
  title={Principles of Economics},
  author={Menger, Carl},
  year={1871},
  publisher={Braumüller}
}

@book{bohm1884capital,
  title={Capital and Interest},
  author={Böhm-Bawerk, Eugen von},
  year={1884-1889},
  publisher={Macmillan}
}

@book{mises1949human,
  title={Human Action: A Treatise on Economics},
  author={Mises, Ludwig von},
  year={1949},
  publisher={Yale University Press}
}

@book{hayek1944road,
  title={The Road to Serfdom},
  author={Hayek, Friedrich A.},
  year={1944},
  publisher={University of Chicago Press}
}

@book{hayek1960constitution,
  title={The Constitution of Liberty},
  author={Hayek, Friedrich A.},
  year={1960},
  publisher={University of Chicago Press}
}

@book{rothbard1962man,
  title={Man, Economy, and State: A Treatise on Economic Principles},
  author={Rothbard, Murray N.},
  year={1962},
  publisher={D. Van Nostrand Company}
}

@book{kirzner1973competition,
  title={Competition and Entrepreneurship},
  author={Kirzner, Israel M.},
  year={1973},
  publisher={University of Chicago Press}
}

@book{hoppe2001democracy,
  title={Democracy: The God That Failed},
  author={Hoppe, Hans-Hermann},
  year={2001},
  publisher={Transaction Publishers}
}

@article{lopes_sistema_monetario,
  author = {Pedro Lopes Marinho},
  title = {O SISTEMA MONETÁRIO INTERNACIONAL: uma interpretação a partir do conceito de hegemonia mundial},
  publisher = {DEPARTAMENTO DE CIÊNCIAS ECONÔMICAS - UESC},
  note = {\url{http://www.uesc.br/dcec/pedrolopes/artigo_prof_pedro_lopes_sistema_monetario.pdf}},
  year = {2011},
}
```
@Article{Yetmar2023,
  author  = {Scott Andrew Yetmar},
  journal = {Journal of Business Theory and Practice},
  title   = {What Is Cryptocurrency?},
  year    = {2023},
  url     = {https://api.semanticscholar.org/CorpusID:240345041},
}
